{1:F01DEUTDEFFAXXX0000000002}
{2:O940CHASUS33XXXX2410010830}
{3:{108:STMT-2024-10-01}}
{4:
:20:STMT20241001
:25:DE89370400440532013000
:28C:00001/001
:60F:C241001EUR50000,00
:61:2410011001CR10000,00NTRFTXNREF20241001001
ACME CORP PAYMENT OCT 2024
:86:INCOMING WIRE TRANSFER
FROM ACME CORPORATION GMBH
INVOICE INV-2024-09-001
:61:2410011001DR500,00NCHG
BANK CHARGE OCT 2024
:86:MONTHLY ACCOUNT SERVICE FEE
PERIOD: OCTOBER 2024
:62F:C241001EUR59500,00
:64:C241001EUR59500,00
-}
{5:{CHK:4A1B2C3D4E5F}}
